<?xml version="1.0" encoding="UTF-8"?><collection xmlns="http://www.loc.gov/MARC21/slim"><record><leader>00376nam--2200121-i-4500</leader><controlfield tag="001">000026149</controlfield><controlfield tag="002">20161230</controlfield><controlfield tag="005">20161230201036</controlfield><controlfield tag="008">060222s1000------------r-----000-0-eng-d</controlfield><datafield ind1=" " ind2=" " tag="245"><subfield code="a">International series of monographs in pure and applied mathematics.vol. 26. elements of linear spaces</subfield></datafield><datafield ind1=" " ind2=" " tag="260"><subfield code="a">Oxford, Pergamon Press, 1958</subfield></datafield><datafield ind1=" " ind2=" " tag="700"><subfield code="a">A.R. Amin-moez, A.L. Fass</subfield></datafield><datafield ind1=" " ind2=" " tag="852"><subfield code="a">10184</subfield></datafield></record></collection>